@Phdthesis{ oleg:phd,
  author    = "Oleg Chernukhin",
  title     = "Global Optimization Algorithms for Aerodynamic Design",
  school    = "University of Toronto",
  year      = "2011",
}

@article{Deb,
    author =       "Kalyanmoy Deb",
    title =        " An efficient constraint handling method for genetic algorithms ",
    journal =      "ELSEVIER",
    volume =       "186",
    number =       "",
    pages =        "311-338",
    year =         "2000",
    DOI =          "10.1145/3205651.3207855"
}

@article{Poole3,
    author =       "Daniel J.Poole and C.B.Allen",
    title =        " Constraint Niching Using Differential Evolution ",
    journal =      "",
    volume =       "",
    number =       "",
    pages =        "",
    year =         "2019",
    DOI =          "http://dx.doi.org/10.1002/andp.19053221004"
}
 
@article{Poole2,
    author =       "Daniel J.Poole and C.B.Allen and Thomas Rendall",
    title =        " Identifying Multiple Optima
in Aerodynamic Design Spaces",
    journal =      "",
    volume =       "",
    number =       "",
    pages =        "",
    year =         "2018",
    DOI =          "10.2514/6.2018-3422"
}

@article{Poole1,
    author =       "Daniel J.Poole and C.B.Allen",
    title =        " Global Optimization of Wing Aerodynamic Optimization Case Exhibiting
Multimodality ",
    journal =      "AIAA",
    volume =       "",
    number =       "",
    pages =        "",
    year =         "2018",
    DOI =          " 10.2514/1.C034718 "
}

 
@article{oleg,
    author =       "Oleg Chernukhin \& David W.Zingg",
    title =        " Multimodality and Global Optimization
in Aerodynamic Design ",
    journal =      "AIAA",
    volume =       "51",
    number =       "6",
    pages =        "",
    year =         "2013",
    DOI =          " 10.2514/1.J051835 "
}


@article{Meaux,
    author =       "M. Meaux \& M. Cormery and G. Voizard ",
    title =        "Viscous aerodynamic shape optimization based on the discrete I adjoint state
for 3d industrial configurations",
    journal =      "European Congress on Compurational Methods in Applied Sciences and
Engineering",
    volume =       "",
    number =       "",
    pages =        "",
    year =         "2004",
    
}


@article{Nadarajah,
    author =       "Arash Mousavi \& Patrice Castonguay and Siva K. Nadarajah ",
    title =        "Survey of Shape Parameterization
techniques and its effect on
three-dimensional Aerodynamic Shape
Optimization",
    journal =      "AIAA",
    volume =       "",
    number =       "",
    pages =        "",
    year =         "2007",
    
}
@article{storn,
    author =       "Rainer Storn \& Kenneth Price",
    title =        "{}
        Differential Evolution â€“ A Simple and Efficient
Heuristic for Global Optimization over Continuous
Spaces",
    journal =      "Journal of Global Optimization",
    volume =       "",
    number =       "11",
    pages =        "341--359",
    year =         "1997",
    DOI =          "https://doi.org/10.1023/A:1008202821328"
}

@book{latexcompanion,
    author    = "Michel Goossens and Frank Mittelbach and Alexander Samarin",
    title     = "The \LaTeX\ Companion",
    year      = "1993",
    publisher = "Addison-Wesley",
    address   = "Reading, Massachusetts"
}
 
@misc{Daniel,
    author    = "Daniel J.Poole \& C.B.Allen",
    title     = "Constraint Niching Using Differential Evolution",
    url       = {https://www.researchgate.net/publication/328886741_Constrained_Niching_Using_Differential_Evolution}
}


@article{chen,
  title={An Improved Differential Evolution Algorithm Based on Adaptive Parameter},
  author={HuangZhehuang \& Chen Yidong},
  journal={Journal of Control Science and Engineering},
  volume={2013},
  number={},
  pages={5},
  year={2013},
  publisher={},
  doi = {10.1155/2013/462706}
}


@article{chi,
  title={Experimental Study on Differential Evolution Strategies},
  author={ Youyun Ao \& Hongqin Chi },
  journal={IEEE},
  volume={},
  number={},
  pages={},
  year={2009},
  publisher={},
  doi = {10.1109/GCIS.2009.31}
}

@article{control,
    author =       "Daniel J.Poole and C.B.Allen",
    title =        " Control Point-Based Aerodynamic Shape Optimization
Applied to AIAA ADODG Test Cases ",
    journal =      "AIAA",
    volume =       "",
    number =       "",
    pages =        "",
    year =         "2015",
    DOI =          " 10.2514/6.2015-1947"
}


%%% AIAA references 



@article{dornheim1996planetary,
  title={Planetary Flight Surge Faces Budget Realities},
  author={Dornheim, Michael A},
  journal={Aviation Week \& Space Technology},
  volume={145},
  number={24},
  pages={44--46},
  year={1996}
}

@article{terster1997nasa,
  title={NASA Considers Switch to Delta 2},
  author={Terster, W},
  journal={Space News},
  volume={8},
  number={2},
  pages={13--19},
  year={1997}
}

@inbook{peyret2012computational,
  title={Computational Methods for Fluid Flow},
  edition={2},
  author={Peyret, Roger and Taylor, Thomas D},
  year={1983},
  publisher={Springer-Verlag},
  address={New York},
  chapter={7, 14}
}

@inbook{oates1997aerothermodynamics,
  title={Aerothermodynamics of Gas Turbine and Rocket Propulsion},
  series={AIAA Education Series},
  editor={Oates, Gordon C},
  year={1984},
  publisher={AIAA},
  address={New York},
  pages={19, 136},
}

@incollection{volpe1994techniques,
  title={Techniques for Collision Prevention, Impact Stability, and Force Control by Space Manipulators},
  author={Volpe, Richard},
  booktitle={Teleoperation and Robotics in Space},
  series={Progress in Astronautics and Aeronautics},
  editor={S. B. Skaar and C. F. Ruoff},
  pages={175--212},
  year={1994},
  publisher={AIAA},
  address={Washington, DC}
}

@inproceedings{thompsonspacecraft,
  title={Spacecraft Thermal Control, Design, and Operation},
  author={Thompson, C M},
  booktitle={AIAA Guidance, Navigation, and Control Conference},
  series={CP849},
  volume={1},
  year={1989},
  pages={103--115},
  publisher={AIAA},
  address={Washington, DC}
}

@proceedings{chi1993fluid,
  title={Fluid Mechanics Proceedings},
  editor={Chi, Y},
  series={NASA SP-255},
  year={1993}
}

@article{brandis2016nonequi,
  title={Nonequilibrium Radiation for Earth Entry},
  author={Aaron M. Brandis and Christopher O. Johnston and Brett A. Cruden},
  journal={AIAA Paper 2016--3690},
  year={June 2016},
  doi={10.2514/6.2016-3690}
}
