@book{lamport1994latex,
  title={LATEX: a document preparation system: user's guide and reference manual},
  author={Lamport, Leslie},
  year={1994},
  publisher={Addison-wesley}
}

@inproceedings{adodg,
title = "Perspectives on Aerodynamic Design Optimization",
author = {Martins, Joaquim},
year = {2020},
month = {01},
pages = {},
doi = {10.2514/6.2020-0043}
}

@book{michigan,
  title={Adaptation in Natural and Artificial Systems},
  author={Holland, J, H.},
  year={1975},
  publisher={The University of Michigan Press}
}

@book{case_1c,
  title="Robust aerodynamic shape optimization—From a circle to an airfoil",
  author="A. martins and others",
  year={2019},
  publisher={The University of Michigan Press}
}

@Phdthesis{ oleg:phd,
  author    = "Oleg Chernukhin",
  title     = "Global Optimization Algorithms for Aerodynamic Design",
  school    = "University of Toronto",
  year      = "2011",
}

@Phdthesis{ ghate,
  author    = "Devendra Ghate",
  title     = "Inexpensive Uncertainty Analysis for CFD Applications",
  school    = "University of OXFORD",
  year      = "2014",
}

@Phdthesis{ garzon,
  author    = "Victor Garzon",
  title     = "Probabilistic Aerothermal Design of Compressor Airfoils",
  school    = "Dept. of Aeronautics and Astronautics, MIT",
  year      = "2002",
}

@Phdthesis{De_jong,
  author    = {De Jong, K. A},
  title     = {Analysis of the behavior of a class of genetic adaptive systems},
  school    = {University of Michigan},
  year      = {1975},
}

@article{case_44,
    author =       "David.Zingg and others",
    title =        " Application of Jetstream to a Suite of Aerodynamic Shape Optimization Problems ",
    journal =      "AIAA",
    volume =       "",
    number =       "",
    pages =        "",
    year =         "2014",
    DOI =          "10.2514/6.2014-0571"
}

@article{case_46,
    author =       "Nadarajah and others",
    title =        " Adjoint-Based Aerodynamic Optimization of Benchmark Problems ",
    journal =      "AIAA",
    volume =       "",
    number =       "",
    pages =        "",
    year =         "2015",
    DOI =          "10.2514/6.2015-1948"
}

@article{case_62,
    author =       "A.Martins and others",
    title =        " Aerodynamic Shape Optimization of the Common Research Model Wing-Body-Tail Configuration ",
    journal =      "Journal of Aircraft",
    volume =       "53",
    number =       "1",
    pages =        "276-293",
    year =         "2016",
    doi =          "10.2514/1.C033328"
}

@article{case_63,
    author =       "N. Bons and others",
    title =        " Multimodality in Aerodynamic Wing Design Optimization ",
    journal =      "AIAA",
    volume =       "57",
    number =       "3",
    pages =        "1004-1018",
    year =         "2019",
    doi =          "10.2514/1.J057294"
}
@inproceedings{case_64,
  title={Investigation of multimodality in aerodynamic shape optimization based on the Reynolds-averaged Navier–Stokes equations},
  author={G. Streuber and others},
  booktitle={Proceedings of the 18th AIAA/ISSMO Multidisciplinary Analysis and Optimization Conference},
  volume={},
  year={2017},
  pages="",
  publisher={},
  address={Denver, CO}
}


@article{case_60,
    author =       "A. Dumont and others",
    title =        "
Gradient-Based Optimization of CRM Wing-alone and Wing-body-tail Configurations by RANS Adjoint Technique ",
    journal =      "AIAA",
    volume =       "",
    number =       "",
    pages =        "",
    year =         "2016",
    doi =          "10.2514/6.2016-1293"
}

@article{case_49,
    author =       "Christopher Lee and others",
    title =        " Aerodynamic Shape Optimization of Benchmark Problems Using Jetstream ",
    journal =      "AIAA",
    volume =       "",
    number =       "",
    pages =        "",
    year =         "2015",
    DOI =          "10.2514/6.2015-0262"
}

@article{case_1b,
    author =       "G. Carrier and others",
    title =        " Gradient-Based Aerodynamic Optimization with the elsA Software",
    journal =      "AIAA",
    volume =       "",
    number =       "",
    pages =        "",
    year =         "2014",
    DOI =          "10.2514/6.2014-0568"
}



@article{Deb,
    author =       "Kalyanmoy Deb",
    title =        " An efficient constraint handling method for genetic algorithms ",
    journal =      "ELSEVIER",
    volume =       "186",
    number =       "",
    pages =        "311-338",
    year =         "2000",
    DOI =          "10.1145/3205651.3207855"
}

@article{SU2,
    author =       "Thomas D. Economon and others",
    title =        " Stanford University Unstructured (SU2): An open-source integrated computational environment for multi-physics simulation and design",
    journal =      "AIAA",
    volume =       "",
    number =       "",
    pages =        "",
    year =         "2013",
    DOI =          "10.2514/6.2013-287"
}

@inproceedings{petrowski,
  title={“A clearing procedure as a niching method for genetic algorithms”},
  author={Petrowski, A.},
  booktitle={Proceedings of IEEE
International Conference on Evolutionary Computation},
  volume={},
  year={1996},
  pages="",
  publisher={},
  address={Nagoya, Japan}
}

@inproceedings{balazs,
  title={A species conserving genetic algorithm for multimodal function optimization},
  author={P. J. Clarkson and others},
  booktitle={A species conserving genetic algorithm for multimodal function optimization},
  volume={10},
  year={2002},
  pages="{207-234}",
  publisher={Evolutionary Computation},
  address=""
}

@article{Poole3,
    author =       {C B Allen and others},
    title =        {Constraint Niching Using Differential Evolution },
    journal =      "AIAA",
    volume =       "",
    number =       "",
    pages =        "",
    year =         "2019",
    DOI =          "http://dx.doi.org/10.1002/andp.19053221004"
}
 
@article{Poole2,
    author =       "Daniel J.Poole and others",
    title =        {Identifying Multiple Optima
in Aerodynamic Design Spaces},
    journal =      "AIAA",
    volume =       "",
    number =       "",
    pages =        "",
    year =         "2018",
    DOI =          "10.2514/6.2018-3422"
}

@article{Poole1,
    author =       "C.B.Allen and others",
    title =        " Global Optimization of Wing Aerodynamic Optimization Case Exhibiting
Multimodality ",
    journal =      "AIAA",
    volume =       "",
    number =       "",
    pages =        "",
    year =         "2018",
    DOI =          " 10.2514/1.C034718 "
}

@article{oleg,
    author =       "Oleg Chernukhin and David W.Zingg",
    title =        " Multimodality and Global Optimization
in Aerodynamic Design ",
    journal =      "AIAA",
    volume =       "51",
    number =       "6",
    pages =        "",
    year =         "2013",
    DOI =          " 10.2514/1.J051835 "
}

@article{Meaux,
    author =       "M Meaux and others",
    title =        "Viscous aerodynamic shape optimization based on the discrete adjoint state
for 3d industrial configurations",
    journal =      "European Congress on Compurational Methods in Applied Sciences and
Engineering",
    volume =       "",
    number =       "",
    pages =        "",
    year =         "2004",
    
}

@article{thomsen,
    author =       "Thomsen, R.",
    title =        {Multimodal optimization using crowding-based differential evolution},
    journal =      {Congress on Evo-
lutionary Computation},
    volume =       "",
    number =       "",
    pages =        "",
    year =         "2004",
    
}

@article{goldberg,
    author =       "Goldberg, D. E. and Richardson, J",
    title =        {Genetic algorithms with sharing for multimodal function optimization},
    journal =      {Proceedings of the Second International Conference on Genetic Algorithms on Genetic algorithms and their application},
    volume =       "",
    number =       "",
    pages =        "",
    year =         "1987",
    
}


@article{Nadarajah,
    author =       "Siva K. Nadarajah and others",
    title =        "Survey of Shape Parameterization
techniques and its effect on
three-dimensional Aerodynamic Shape
Optimization",
    journal =      "AIAA",
    volume =       "",
    number =       "",
    pages =        "",
    year =         "2007",
    
}

@article{vrahatis,
    author =       "Epitropakis, M. G. and others",
    title =        {Finding multiple global optima exploiting
differential evolution’s niching capability},
    journal =      {IEEE Symposium on Differential Evolution (SDE), Paris, France},
    volume =       "",
    number =       "",
    pages =        "",
    year =         "2011",
  DOI = "10.1109/SDE.2011.5952058"   
}

@article{soderberg,
    author =       "Thomas W. Soderberg and others",
    title =        {Free-Form Deformation of Solid Geometric Models},
    journal =      "SIGGRAPH",
    volume =       "20",
    number =       "4",
    pages =        "",
    year =         "1986",
}
@article{vrahatis_1,
    author =       "Epitropakis and others",
    title =        {Multimodal optimization using niching differential evolution with index-based neighborhoods},
    journal =      {IEEE Congress on Evolutionary Computation, Brisbane, Australia},
    volume =       "",
    number =       "",
    pages =        "",
    year =         "2012",
  DOI = "10.1109/CEC.2012.6256480"   
}

@article{li_1,
    author =       "Li, X and others",
    title =        {Seeking Multiple Solutions: An Updated
Survey on Niching Methods and Their Applications},
    journal =      "IEEE Transactions on Evolutionary Computation",
    volume =       "21",
    number =       "4",
    pages =        "{518-538}",
    year =         "2017",
  DOI = "10.1109/TEVC.2016.2638437"   
}

@article{storn,
    author =       "R. Storn and K. Price",
    title =        "
        Differential Evolution – A Simple and Efficient
Heuristic for Global Optimization over Continuous
Spaces",
    journal =      "Journal of Global Optimization",
    volume =       "",
    number =       "11",
    pages =        "341--359",
    year =         "1997",
    DOI =          "https://doi.org/10.1023/A:1008202821328"
}

@article{Li,
    author =       "Li, X.",
    title =        {Efficient differential evolution using speciation for multimodal function optimization},
    journal =      "Proceedings of the 7th annual conference on Genetic and evolutionary computation",
    volume =       "",
    number =       "",
    pages =        "",
    year =         "2005",
    DOI =          "10.1145/1068009.1068156."
}

@book{ffd_book,
    author    = "András Sóbester and Alexander I J Forrester",
    title     ="Aircraft aerodynamic design: geometry and optimization",
    year      = "2015",
    publisher = "John Wiley \& Sons",
    address   = "United Kingdom"
}

@book{latexcompanion,
    author    = "Michel Goossens and Frank Mittelbach and Alexander Samarin",
    title     = "The \LaTeX\ Companion",
    year      = "1993",
    publisher = "Addison-Wesley",
    address   = "Reading, Massachusetts"
}
 
@misc{Daniel,
    author    = "Daniel J.Poole and C.B.Allen",
    title     = "Constraint Niching Using Differential Evolution",
    url       = {https://www.researchgate.net/publication/328886741_Constrained_Niching_Using_Differential_Evolution}
}

@misc{griewank_reference,
    author    = "",
    title     = "Griewank function definition",
    url       = {https://dev.heuristiclab.com/trac.fcgi/wiki/Documentation/Reference/Test Functions}
}

@misc{stanford_university,
    author    = "",
    title     = "Gradient free optimization - Stanford University",
    url       = {http://adl.stanford.edu/aa222/Lecture_Notes_files/chapter6_gradfree.pdf}
}

@article{chen,
  title= {An Improved Differential Evolution Algorithm Based on Adaptive Parameter},
  author= "Huang Zhehuang and Chen Yidong",
  journal={Journal of Control Science and Engineering},
  volume={2013},
  number={},
  pages={5},
  year={2013},
  publisher={},
  doi = {10.1155/2013/462706}
}


@article{chi,
  title={Experimental Study on Differential Evolution Strategies},
  author= "Youyun Ao and Hongqin Chi",
  journal={IEEE},
  volume={},
  number={},
  pages={},
  year={2009},
  publisher={},
  doi = {10.1109/GCIS.2009.31}
}

@article{control,
    author =       "Daniel J.Poole and C.B.Allen",
    title =        " Control Point-Based Aerodynamic Shape Optimization
Applied to AIAA ADODG Test Cases ",
    journal =      "AIAA",
    volume =       "",
    number =       "",
    pages =        "",
    year =         "2015",
    DOI =          " 10.2514/6.2015-1947"
}

@article{dornheim1996planetary,
  title={Planetary Flight Surge Faces Budget Realities},
  author={Dornheim, Michael A},
  journal={Aviation Week \& Space Technology},
  volume={145},
  number={24},
  pages={44--46},
  year={1996}
}

@article{terster1997nasa,
  title={NASA Considers Switch to Delta 2},
  author={Terster, W},
  journal={Space News},
  volume={8},
  number={2},
  pages={13--19},
  year={1997}
}

@inbook{peyret2012computational,
  title={Computational Methods for Fluid Flow},
  edition={2},
  author={Peyret, Roger and Taylor, Thomas D},
  year={1983},
  publisher={Springer-Verlag},
  address={New York},
  chapter={7, 14}
}

@inbook{oates1997aerothermodynamics,
  title={Aerothermodynamics of Gas Turbine and Rocket Propulsion},
  series={AIAA Education Series},
  editor={Oates, Gordon C},
  year={1984},
  publisher={AIAA},
  address={New York},
  pages={19, 136},
}

@incollection{volpe1994techniques,
  title={Techniques for Collision Prevention, Impact Stability, and Force Control by Space Manipulators},
  author={Volpe, Richard},
  booktitle={Teleoperation and Robotics in Space},
  series={Progress in Astronautics and Aeronautics},
  editor={S. B. Skaar and C. F. Ruoff},
  pages={175--212},
  year={1994},
  publisher={AIAA},
  address={Washington, DC}
}

@inproceedings{thompsonspacecraft,
  title={Spacecraft Thermal Control, Design, and Operation},
  author={Thompson, C M},
  booktitle={AIAA Guidance, Navigation, and Control Conference},
  series={CP849},
  volume={1},
  year={1989},
  pages={103--115},
  publisher={AIAA},
  address={Washington, DC}
}

@proceedings{chi1993fluid,
  title={Fluid Mechanics Proceedings},
  editor={Chi, Y},
  series={NASA SP-255},
  year={1993}
}

@article{brandis2016nonequi,
  title={Nonequilibrium Radiation for Earth Entry},
  author={Aaron M. Brandis and Christopher O. Johnston and Brett A. Cruden},
  journal={AIAA Paper 2016--3690},
  year={June 2016},
  doi={10.2514/6.2016-3690}
}
